@inproceedings{10.1145/1709886.1709892,
author = {Holland, Simon and Bouwer, Anders J. and Dalgelish, Mathew and Hurtig, Topi M.},
title = {Feeling the Beat Where It Counts: Fostering Multi-Limb Rhythm Skills with the Haptic Drum Kit},
year = {2010},
isbn = {9781605588414},
publisher = {Association for Computing Machinery},
address = {New York, NY, USA},
url = {https://doi.org/10.1145/1709886.1709892},
doi = {10.1145/1709886.1709892},
booktitle = {Proceedings of the Fourth International Conference on Tangible, Embedded, and Embodied Interaction},
pages = {21–28},
numpages = {8},
keywords = {guidance, dalcroze, instruction, sensory motor contingency, embodied cognition, multi-limb coordination, temporal patterns, haptic drum kit, entrainment, polyphonic rhythm, haptic interaction, vibrotactile, rhythm},
location = {Cambridge, Massachusetts, USA},
series = {TEI ’10}
}
